<record><leader>00000cas a2200000 a 4500</leader><controlfield tag="001">33314404</controlfield><controlfield tag="008">951016c19779999azuwr ne      0    0eng d</controlfield><datafield ind1=" " ind2=" " tag="010"><subfield code="a">sn 95060596 </subfield></datafield><datafield ind1=" " ind2=" " tag="040"><subfield code="a">ANN</subfield><subfield code="b">eng</subfield><subfield code="c">ANN</subfield><subfield code="d">OCLCQ</subfield><subfield code="d">OCLCF</subfield><subfield code="d">OCLCO</subfield></datafield><datafield ind1="1" ind2=" " tag="029"><subfield code="a">AU@</subfield><subfield code="b">000022765907</subfield></datafield><datafield ind1=" " ind2=" " tag="042"><subfield code="a">msc</subfield></datafield><datafield ind1=" " ind2=" " tag="043"><subfield code="a">n-us-az</subfield></datafield><datafield ind1="0" ind2=" " tag="130"><subfield code="a">White Mountain independent (St. Johns, Ariz. : Apache County ed.)</subfield></datafield><datafield ind1="1" ind2="0" tag="245"><subfield code="a">White Mountain independent.</subfield></datafield><datafield ind1=" " ind2=" " tag="250"><subfield code="a">Apache County ed.</subfield></datafield><datafield ind1=" " ind2=" " tag="260"><subfield code="a">St. Johns, Ariz. :</subfield><subfield code="b">V.H. Dittmar,</subfield><subfield code="c">1977-</subfield></datafield><datafield ind1=" " ind2=" " tag="300"><subfield code="a">v.</subfield></datafield><datafield ind1=" " ind2=" " tag="310"><subfield code="a">Weekly,</subfield><subfield code="b">Apr. 7, 1988-</subfield></datafield><datafield ind1=" " ind2=" " tag="321"><subfield code="a">Weekly,</subfield><subfield code="b">Jan. 20, 1977-Sept. 28, 1978</subfield></datafield><datafield ind1=" " ind2=" " tag="321"><subfield code="a">Semiweekly,</subfield><subfield code="b">Oct. 3, 1978-Mar. 31, 1988</subfield></datafield><datafield ind1="0" ind2=" " tag="362"><subfield code="a">Vol. 67, no. 3 (Jan. 20, 1977)-</subfield></datafield><datafield ind1=" " ind2="0" tag="651"><subfield code="a">Saint Johns (Ariz.)</subfield><subfield code="v">Newspapers.</subfield></datafield><datafield ind1=" " ind2="0" tag="651"><subfield code="a">Apache County (Ariz.)</subfield><subfield code="v">Newspapers.</subfield></datafield><datafield ind1=" " ind2="7" tag="655"><subfield code="a">Newspapers.</subfield><subfield code="2">fast</subfield><subfield code="0">(OCoLC)fst01423814</subfield></datafield><datafield ind1=" " ind2="7" tag="651"><subfield code="a">Arizona</subfield><subfield code="z">Apache County.</subfield><subfield code="2">fast</subfield><subfield code="0">(OCoLC)fst01217372</subfield></datafield><datafield ind1=" " ind2="7" tag="651"><subfield code="a">Arizona</subfield><subfield code="z">Saint Johns.</subfield><subfield code="2">fast</subfield><subfield code="0">(OCoLC)fst01226551</subfield></datafield><datafield ind1=" " ind2=" " tag="752"><subfield code="a">United States</subfield><subfield code="b">Arizona</subfield><subfield code="c">Apache</subfield><subfield code="d">Saint Johns.</subfield></datafield><datafield ind1="0" ind2=" " tag="770"><subfield code="t">Navapache</subfield><subfield code="w">(DLC)sn2001060062</subfield></datafield><datafield ind1="0" ind2=" " tag="770"><subfield code="t">Navapache independent</subfield><subfield code="w">(DLC)sn2001060063</subfield></datafield><datafield ind1="0" ind2=" " tag="775"><subfield code="t">White Mountain independent (Show Low, Ariz. : Navajo County ed.)</subfield><subfield code="w">(DLC)sn 95060597</subfield></datafield><datafield ind1="0" ind2=" " tag="775"><subfield code="t">White Mountain independent (Show Low, Ariz. : Central Navajo County ed.)</subfield><subfield code="w">(DLC)sn 95060602</subfield></datafield><datafield ind1="0" ind2=" " tag="775"><subfield code="t">White Mountain independent (Show Low, Ariz. : Southern Navajo County ed.)</subfield><subfield code="w">(DLC)sn 95060600</subfield></datafield><datafield ind1="0" ind2=" " tag="775"><subfield code="t">White Mountain independent (Show Low, Ariz.)</subfield><subfield code="w">(DLC)sn 95060599</subfield></datafield><datafield ind1="0" ind2="1" tag="780"><subfield code="a">White Mountain independent and continuing the Apache County independent-news - White Mountain roundup - White Mountain independent (St. Johns, Ariz. : Apache County ed.)</subfield><subfield code="w">(DLC)sn2002060056</subfield></datafield><datafield ind1="0" ind2="1" tag="780"><subfield code="t">White Mountain independent and continuing the Apache County independent-news - White Mountain roundup - White Mountain eagle (St. Johns, Ariz. : St. Johns ed.)</subfield><subfield code="w">(DLC)sn 95060593</subfield></datafield></record>